@article{lott2000optimality,
  title={On the optimality of an index rule in multichannel allocation for single-hop mobile networks with multiple service classes},
  author={Lott, Christopher and Teneketzis, Demosthenis},
  journal={Probability in the Engineering and Informational Sciences},
  volume={14},
  number={3},
  pages={259--297},
  year={2000},
  publisher={Cambridge University Press}
}

@article{verloop2016asymptotically,
  title={Asymptotically optimal priority policies for indexable and nonindexable restless bandits},
  author={Verloop, Ina Maria},
  journal={The Annals of Applied Probability},
  volume={26},
  number={4},
  pages={1947--1995},
  year={2016},
  publisher={Institute of Mathematical Statistics}
}

@article{garivier2019explore,
  title={Explore first, exploit next: The true shape of regret in bandit problems},
  author={Garivier, Aur{\'e}lien and M{\'e}nard, Pierre and Stoltz, Gilles},
  journal={Mathematics of Operations Research},
  volume={44},
  number={2},
  pages={377--399},
  year={2019},
  publisher={INFORMS}
}

@article{burnetas1997optimal,
  title={Optimal adaptive policies for Markov decision processes},
  author={Burnetas, Apostolos N and Katehakis, Michael N},
  journal={Mathematics of Operations Research},
  volume={22},
  number={1},
  pages={222--255},
  year={1997},
  publisher={INFORMS}
}

@article{ok2018exploration,
  title={Exploration in structured reinforcement learning},
  author={Ok, Jungseul and Proutiere, Alexandre and Tranos, Damianos},
  journal={Advances in Neural Information Processing Systems},
  volume={31},
  year={2018}
}

@book{levin2017markov,
  title={Markov chains and mixing times},
  author={Levin, David A and Peres, Yuval},
  volume={107},
  year={2017},
  publisher={American Mathematical Soc.}
}

@book{vershynin2018high,
  title={High-dimensional probability: An introduction with applications in data science},
  author={Vershynin, Roman},
  volume={47},
  year={2018},
  publisher={Cambridge university press}
}

@article{murphy2007conjugate,
  title={Conjugate Bayesian analysis of the Gaussian distribution},
  author={Murphy, Kevin P},
  journal={def},
  volume={1},
  number={2$\sigma$2},
  pages={16},
  year={2007}
}

@article{fink1997compendium,
  title={A compendium of conjugate priors},
  author={Fink, Daniel},
  journal={See http://www. people. cornell. edu/pages/df36/CONJINTRnew\% 20TEX. pdf},
  volume={46},
  year={1997},
  publisher={Citeseer}
}

@article{bubeck2012regret,
  title={Regret analysis of stochastic and nonstochastic multi-armed bandit problems},
  author={Bubeck, S{\'e}bastien and Cesa-Bianchi, Nicolo},
  journal={Foundations and Trends{\textregistered} in Machine Learning},
  volume={5},
  number={1},
  pages={1--122},
  year={2012},
  publisher={Now Publishers, Inc.}
}

@article{qian2020concentration,
  title={Concentration inequalities for multinoulli random variables},
  author={Qian, Jian and Fruit, Ronan and Pirotta, Matteo and Lazaric, Alessandro},
  journal={arXiv preprint arXiv:2001.11595},
  year={2020}
}

@phdthesis{fruit2019exploration,
  title={Exploration-exploitation dilemma in Reinforcement Learning under various form of prior knowledge},
  author={Fruit, Ronan},
  year={2019},
  school={Universit{\'e} de Lille 1, Sciences et Technologies; CRIStAL UMR 9189}
}

@inproceedings{osband2017posterior,
  title={Why is posterior sampling better than optimism for reinforcement learning?},
  author={Osband, Ian and Van Roy, Benjamin},
  booktitle={International conference on machine learning},
  pages={2701--2710},
  year={2017},
  organization={PMLR}
}

@article{weissman2003inequalities,
  title={Inequalities for the L1 deviation of the empirical distribution},
  author={Weissman, Tsachy and Ordentlich, Erik and Seroussi, Gadiel and Verdu, Sergio and Weinberger, Marcelo J},
  journal={Hewlett-Packard Labs, Tech. Rep},
  year={2003}
}

@article{agrawal2017posterior,
  title={Posterior sampling for reinforcement learning: worst-case regret bounds},
  author={Agrawal, Shipra and Jia, Randy},
  journal={arXiv preprint arXiv:1705.07041},
  year={2017}
}

@article{wang2020reinforcement,
  title={Reinforcement learning with general value function approximation: Provably efficient approach via bounded eluder dimension},
  author={Wang, Ruosong and Salakhutdinov, Russ R and Yang, Lin},
  journal={Advances in Neural Information Processing Systems},
  volume={33},
  pages={6123--6135},
  year={2020}
}

@inproceedings{ishfaq2021randomized,
  title={Randomized Exploration in Reinforcement Learning with General Value Function Approximation},
  author={Ishfaq, Haque and Cui, Qiwen and Nguyen, Viet and Ayoub, Alex and Yang, Zhuoran and Wang, Zhaoran and Precup, Doina and Yang, Lin},
  booktitle={International Conference on Machine Learning},
  pages={4607--4616},
  year={2021},
  organization={PMLR}
}

@article{russo2018tutorial,
  title={A Tutorial on Thompson Sampling},
  author={Russo, Daniel J and Van Roy, Benjamin and Kazerouni, Abbas and Osband, Ian and Wen, Zheng},
  journal={Foundations and Trends{\textregistered} in Machine Learning},
  volume={11},
  number={1},
  pages={1--96},
  year={2018},
  publisher={Now Publishers Inc.}
}

@article{zhou2021nearly,
  title={Nearly minimax optimal reinforcement learning for discounted MDPs},
  author={He, Jiafan and Zhou, Dongruo and Gu, Quanquan},
  journal={Advances in Neural Information Processing Systems},
  volume={34},
  year={2021}
}

@article{jin2018q,
  title={Is Q-learning provably efficient?},
  author={Jin, Chi and Allen-Zhu, Zeyuan and Bubeck, Sebastien and Jordan, Michael I},
  journal={Advances in neural information processing systems},
  volume={31},
  year={2018}
}

@inproceedings{zanette2019tighter,
  title={Tighter problem-dependent regret bounds in reinforcement learning without domain knowledge using value function bounds},
  author={Zanette, Andrea and Brunskill, Emma},
  booktitle={International Conference on Machine Learning},
  pages={7304--7312},
  year={2019},
  organization={PMLR}
}

@article{weber1992gittins,
  title={On the Gittins index for multiarmed bandits},
  author={Weber, Richard},
  journal={The Annals of Applied Probability},
  pages={1024--1033},
  year={1992},
  publisher={JSTOR}
}

@article{auer2002finite,
  title={Finite-time analysis of the multiarmed bandit problem},
  author={Auer, Peter and Cesa-Bianchi, Nicolo and Fischer, Paul},
  journal={Machine learning},
  volume={47},
  number={2},
  pages={235--256},
  year={2002},
  publisher={Springer}
}

@incollection{duff1995q,
  title={Q-learning for bandit problems},
  author={Duff, Michael O},
  booktitle={Machine Learning Proceedings 1995},
  pages={209--217},
  year={1995},
  publisher={Elsevier}
}

@inproceedings{killian2021beyond,
  title={Beyond" To Act or Not to Act": Fast Lagrangian Approaches to General Multi-Action Restless Bandits},
  author={Killian, Jackson A and Perrault, Andrew and Tambe, Milind},
  booktitle={Proceedings of the 20th International Conference on Autonomous Agents and MultiAgent Systems},
  pages={710--718},
  year={2021}
}

@article{wang2020restless,
  title={Restless-UCB, an efficient and low-complexity algorithm for online restless bandits},
  author={Wang, Siwei and Huang, Longbo and Lui, John},
  journal={Advances in Neural Information Processing Systems},
  volume={33},
  pages={11878--11889},
  year={2020}
}

@article{jung2019regret,
  title={Regret bounds for thompson sampling in episodic restless bandit problems},
  author={Jung, Young Hun and Tewari, Ambuj},
  journal={Advances in Neural Information Processing Systems},
  volume={32},
  year={2019}
}

@inproceedings{ortner2012regret,
  title={Regret bounds for restless markov bandits},
  author={Ortner, Ronald and Ryabko, Daniil and Auer, Peter and Munos, R{\'e}mi},
  booktitle={International conference on algorithmic learning theory},
  pages={214--228},
  year={2012},
  organization={Springer}
}

@article{tekin2012online,
  title={Online learning of rested and restless bandits},
  author={Tekin, Cem and Liu, Mingyan},
  journal={IEEE Transactions on Information Theory},
  volume={58},
  number={8},
  pages={5588--5611},
  year={2012},
  publisher={IEEE}
}

@article{osband2014near,
  title={Near-optimal reinforcement learning in factored mdps},
  author={Osband, Ian and Van Roy, Benjamin},
  journal={Advances in Neural Information Processing Systems},
  volume={27},
  year={2014}
}

@article{rosenberg2020oracle,
  title={Oracle-efficient reinforcement learning in factored MDPs with unknown structure},
  author={Rosenberg, Aviv and Mansour, Yishay},
  journal={arXiv preprint arXiv:2009.05986},
  year={2020}
}

@article{xu2020reinforcement,
  title={Reinforcement learning in factored mdps: Oracle-efficient algorithms and tighter regret bounds for the non-episodic setting},
  author={Xu, Ziping and Tewari, Ambuj},
  journal={Advances in Neural Information Processing Systems},
  volume={33},
  pages={18226--18236},
  year={2020}
}

@article{guestrin2003efficient,
  title={Efficient solution algorithms for factored MDPs},
  author={Guestrin, Carlos and Koller, Daphne and Parr, Ronald and Venkataraman, Shobha},
  journal={Journal of Artificial Intelligence Research},
  volume={19},
  pages={399--468},
  year={2003}
}

@article{tian2020towards,
  title={Towards minimax optimal reinforcement learning in factored markov decision processes},
  author={Tian, Yi and Qian, Jian and Sra, Suvrit},
  journal={Advances in Neural Information Processing Systems},
  volume={33},
  pages={19896--19907},
  year={2020}
}

@inproceedings{gopalan2015thompson,
  title={Thompson sampling for learning parameterized markov decision processes},
  author={Gopalan, Aditya and Mannor, Shie},
  booktitle={Conference on Learning Theory},
  pages={861--898},
  year={2015},
  organization={PMLR}
}

@inproceedings{agrawal2021improved,
  title={Improved worst-case regret bounds for randomized least-squares value iteration},
  author={Agrawal, Priyank and Chen, Jinglin and Jiang, Nan},
  booktitle={Proceedings of the AAAI Conference on Artificial Intelligence},
  volume={35},
  number={8},
  pages={6566--6573},
  year={2021}
}

@article{thompson1933likelihood,
  title={On the likelihood that one unknown probability exceeds another in view of the evidence of two samples},
  author={Thompson, William R},
  journal={Biometrika},
  volume={25},
  number={3-4},
  pages={285--294},
  year={1933},
  publisher={Oxford University Press}
}

@article{fruit2017regret,
  title={Regret minimization in mdps with options without prior knowledge},
  author={Fruit, Ronan and Pirotta, Matteo and Lazaric, Alessandro and Brunskill, Emma},
  journal={Advances in Neural Information Processing Systems},
  volume={30},
  year={2017}
}

@article{gast2022computing,
  title={Computing Whittle (and Gittins) Index in Subcubic Time},
  author={Gast, Nicolas and Gaujal, Bruno and Khun, Kimang},
  journal={arXiv preprint arXiv:2203.05207},
  year={2022}
}

@article{gittins1979bandit,
  title={Bandit processes and dynamic allocation indices},
  author={Gittins, John C},
  journal={Journal of the Royal Statistical Society: Series B (Methodological)},
  volume={41},
  number={2},
  pages={148--164},
  year={1979},
  publisher={Wiley Online Library}
}

@book{gittins2011multi,
  title={Multi-armed bandit allocation indices},
  author={Gittins, John and Glazebrook, Kevin and Weber, Richard},
  year={2011},
  publisher={John Wiley \& Sons}
}

@inproceedings{filippi2010optimism,
  title={Optimism in reinforcement learning and Kullback-Leibler divergence},
  author={Filippi, Sarah and Capp{\'e}, Olivier and Garivier, Aur{\'e}lien},
  booktitle={2010 48th Annual Allerton Conference on Communication, Control, and Computing (Allerton)},
  pages={115--122},
  year={2010},
  organization={IEEE}
}

@inproceedings{talebi2018variance,
  title={Variance-aware regret bounds for undiscounted reinforcement learning in mdps},
  author={Talebi, Mohammad Sadegh and Maillard, Odalric-Ambrym},
  booktitle={Algorithmic Learning Theory},
  pages={770--805},
  year={2018},
  organization={PMLR}
}

@inproceedings{fruit2018efficient,
  title={Efficient bias-span-constrained exploration-exploitation in reinforcement learning},
  author={Fruit, Ronan and Pirotta, Matteo and Lazaric, Alessandro and Ortner, Ronald},
  booktitle={International Conference on Machine Learning},
  pages={1578--1586},
  year={2018},
  organization={PMLR}
}

@inproceedings{bourel2020tightening,
  title={Tightening exploration in upper confidence reinforcement learning},
  author={Bourel, Hippolyte and Maillard, Odalric and Talebi, Mohammad Sadegh},
  booktitle={International Conference on Machine Learning},
  pages={1056--1066},
  year={2020},
  organization={PMLR}
}

@article{osband2013more,
  title={(More) efficient reinforcement learning via posterior sampling},
  author={Osband, Ian and Russo, Daniel and Van Roy, Benjamin},
  journal={Advances in Neural Information Processing Systems},
  volume={26},
  year={2013}
}

@inproceedings{azar2017minimax,
  title={Minimax regret bounds for reinforcement learning},
  author={Azar, Mohammad Gheshlaghi and Osband, Ian and Munos, R{\'e}mi},
  booktitle={International Conference on Machine Learning},
  pages={263--272},
  year={2017},
  organization={PMLR}
}

@book{whittle1996optimal,
  title={Optimal control: basics and beyond},
  author={Whittle, Peter},
  year={1996},
  publisher={John Wiley \& Sons, Inc.}
}

@article{weber1990index,
  title={On an index policy for restless bandits},
  author={Weber, Richard R and Weiss, Gideon},
  journal={Journal of applied probability},
  pages={637--648},
  year={1990},
  publisher={JSTOR}
}

@article{gast2020exponential,
  title={Exponential Convergence Rate for the Asymptotic Optimality of Whittle Index Policy},
  author={Gast, Nicolas and Gaujal, Bruno and Yan, Chen},
  journal={arXiv preprint arXiv:2012.09064},
  year={2020}
}

@phdthesis{huang2018practical,
  title={Practical fast matrix multiplication algorithms},
  author={Huang, Jianyu},
  year={2018}
}

@inproceedings{huang2016strassen,
  title={Strassen's algorithm reloaded},
  author={Huang, Jianyu and Smith, Tyler M and Henry, Greg M and Van De Geijn, Robert A},
  booktitle={SC'16: Proceedings of the International Conference for High Performance Computing, Networking, Storage and Analysis},
  pages={690--701},
  year={2016},
  organization={IEEE}
}

@misc{woodbury1950inverting,
  title={Inverting modified matrices},
  author={Woodbury, Max A},
  year={1950},
  publisher={Statistical Research Group}
}

@inproceedings{gall2018improved,
  title={Improved rectangular matrix multiplication using powers of the Coppersmith-Winograd tensor},
  author={Gall, Fran{\c{c}}ois Le and Urrutia, Florent},
  booktitle={Proceedings of the Twenty-Ninth Annual ACM-SIAM Symposium on Discrete Algorithms},
  pages={1029--1046},
  year={2018},
  organization={SIAM}
}

@article{schweitzer1978functional,
  title={The functional equations of undiscounted Markov renewal programming},
  author={Schweitzer, Paul J and Federgruen, Awi},
  journal={Mathematics of Operations Research},
  volume={3},
  number={4},
  pages={308--321},
  year={1978},
  publisher={INFORMS}
}

@article{tsitsiklis2007np,
  title={NP-hardness of checking the unichain condition in average cost MDPs},
  author={Tsitsiklis, John N},
  journal={Operations research letters},
  volume={35},
  number={3},
  pages={319--323},
  year={2007},
  publisher={Elsevier}
}

@article{glazebrook2006some,
  title={Some indexable families of restless bandit problems},
  author={Glazebrook, Kevin D and Ruiz-Hernandez, Diego and Kirkbride, Christopher},
  journal={Advances in Applied Probability},
  volume={38},
  number={3},
  pages={643--672},
  year={2006},
  publisher={Cambridge University Press}
}

@article{glazebrook2002index,
  title={An index policy for a stochastic scheduling model with improving/deteriorating jobs},
  author={Glazebrook, KD and Mitchell, HM},
  journal={Naval Research Logistics (NRL)},
  volume={49},
  number={7},
  pages={706--721},
  year={2002},
  publisher={Wiley Online Library}
}

@article{ansell2003whittle,
  title={Whittle's index policy for a multi-class queueing system with convex holding costs},
  author={Ansell, PS and Glazebrook, Kevin D and Nino-Mora, Jos{\'e} and O'Keeffe, M},
  journal={Mathematical Methods of Operations Research},
  volume={57},
  number={1},
  pages={21--39},
  year={2003},
  publisher={Springer}
}

@article{whittle1988restless,
  title={Restless bandits: Activity allocation in a changing world},
  author={Whittle, Peter},
  journal={Journal of applied probability},
  volume={25},
  number={A},
  pages={287--298},
  year={1988},
  publisher={Cambridge University Press}
}

@inproceedings{papadimitriou1994complexity,
  title={The complexity of optimal queueing network control},
  author={Papadimitriou, Christos H and Tsitsiklis, John N},
  booktitle={Proceedings of IEEE 9th Annual Conference on Structure in Complexity Theory},
  pages={318--322},
  year={1994},
  organization={IEEE}
}

@article{strassen1969gaussian,
  title={Gaussian elimination is not optimal},
  author={Strassen, Volker},
  journal={Numerische mathematik},
  volume={13},
  number={4},
  pages={354--356},
  year={1969},
  publisher={Springer}
}

@article{ayesta2021computation,
  title={On the computation of Whittle’s index for Markovian restless bandits},
  author={Ayesta, Urtzi and Gupta, Manu K and Verloop, Ina Maria},
  journal={Mathematical Methods of Operations Research},
  volume={93},
  number={1},
  pages={179--208},
  year={2021},
  publisher={Springer}
}

@article{nakhleh2021neurwin,
  title={NeurWIN: Neural Whittle Index Network For Restless Bandits Via Deep RL},
  author={Nakhleh, Khaled and Ganji, Santosh and Hsieh, Ping-Chun and Hou, I and Shakkottai, Srinivas},
  journal={Advances in Neural Information Processing Systems},
  volume={34},
  year={2021}
}

@article{avrachenkov2022whittle,
  title={Whittle index based Q-learning for restless bandits with average reward},
  author={Avrachenkov, Konstantin E and Borkar, Vivek S},
  journal={Automatica},
  volume={139},
  pages={110186},
  year={2022},
  publisher={Elsevier}
}

@inproceedings{fu2019towards,
  title={Towards q-learning the whittle index for restless bandits},
  author={Fu, Jing and Nazarathy, Yoni and Moka, Sarat and Taylor, Peter G},
  booktitle={2019 Australian \& New Zealand Control Conference (ANZCC)},
  pages={249--254},
  year={2019},
  organization={IEEE}
}

@inproceedings{gibson2021novel,
  title={A Novel Implementation of Q-Learning for the Whittle Index},
  author={Gibson, Lachlan J and Jacko, Peter and Nazarathy, Yoni},
  booktitle={EAI International Conference on Performance Evaluation Methodologies and Tools},
  pages={154--170},
  year={2021},
  organization={Springer}
}

@article{akbarzadeh2020conditions,
  title={Conditions for indexability of restless bandits and an O (K\^{} 3) algorithm to compute Whittle index},
  author={Akbarzadeh, Nima and Mahajan, Aditya},
  journal={arXiv preprint arXiv:2008.06111},
  year={2020}
}

@article{nino2007dynamic,
  title={Dynamic priority allocation via restless bandit marginal productivity indices},
  author={Ni{\~n}o-Mora, Jos{\'e}},
  journal={Top},
  volume={15},
  number={2},
  pages={161--198},
  year={2007},
  publisher={Springer}
}

@article{borkar2017whittle,
  title={Whittle indexability in egalitarian processor sharing systems},
  author={Borkar, Vivek S and Pattathil, Sarath},
  journal={Annals of Operations Research},
  pages={1--21},
  year={2017},
  publisher={Springer}
}

@article{akbarzadeh2021maintenance,
  title={Maintenance of a collection of machines under partial observability: Indexability and computation of Whittle index},
  author={Akbarzadeh, Nima and Mahajan, Aditya},
  journal={arXiv preprint arXiv:2104.05151},
  year={2021}
}

@inproceedings{akbarzadeh2019restless,
  title={Restless bandits with controlled restarts: Indexability and computation of Whittle index},
  author={Akbarzadeh, Nima and Mahajan, Aditya},
  booktitle={2019 IEEE 58th Conference on Decision and Control (CDC)},
  pages={7294--7300},
  year={2019},
  organization={IEEE}
}

@article{villar2015multi,
  title={Multi-armed bandit models for the optimal design of clinical trials: benefits and challenges},
  author={Villar, Sofia S and Bowden, Jack and Wason, James},
  journal={Statistical science: a review journal of the Institute of Mathematical Statistics},
  volume={30},
  number={2},
  pages={199},
  year={2015},
  publisher={Europe PMC Funders}
}

@article{aalto2009gittins,
  title={On the Gittins index in the M/G/1 queue},
  author={Aalto, Samuli and Ayesta, Urtzi and Righter, Rhonda},
  journal={Queueing Systems},
  volume={63},
  number={1-4},
  pages={437},
  year={2009},
  publisher={Springer}
}

@article{scully2018soap,
  title={SOAP: One clean analysis of all age-based scheduling policies},
  author={Scully, Ziv and Harchol-Balter, Mor and Scheller-Wolf, Alan},
  journal={Proceedings of the ACM on Measurement and Analysis of Computing Systems},
  volume={2},
  number={1},
  pages={1--30},
  year={2018},
  publisher={ACM New York, NY, USA}
}

@inproceedings{nino2014dynamic,
  title={A dynamic page-refresh index policy for web crawlers},
  author={Ni{\~n}o-Mora, Jos{\'e}},
  booktitle={International Conference on Analytical and Stochastic Modeling Techniques and Applications},
  pages={46--60},
  year={2014},
  organization={Springer}
}

@article{avrachenkov2013congestion,
  title={Congestion control of TCP flows in Internet routers by means of index policy},
  author={Avrachenkov, Konstantin and Ayesta, Urtzi and Doncel, Josu and Jacko, Peter},
  journal={Computer Networks},
  volume={57},
  number={17},
  pages={3463--3478},
  year={2013},
  publisher={Elsevier}
}

@inproceedings{avrachenkov2018impulsive,
  title={Impulsive control for G-AIMD dynamics with relaxed and hard constraints},
  author={Avrachenkov, Konstantin and Piunovskiy, Alexei and Zhang, Yi},
  booktitle={2018 IEEE Conference on Decision and Control (CDC)},
  pages={880--887},
  year={2018},
  organization={IEEE}
}

@article{liu2010indexability,
  title={Indexability of restless bandit problems and optimality of whittle index for dynamic multichannel access},
  author={Liu, Keqin and Zhao, Qing},
  journal={IEEE Transactions on Information Theory},
  volume={56},
  number={11},
  pages={5547--5567},
  year={2010},
  publisher={IEEE}
}

@article{aalto2019whittle,
  title={Whittle index approach to opportunistic scheduling with partial channel information},
  author={Aalto, Samuli and Lassila, Pasi and Taboada, Ianire},
  journal={Performance Evaluation},
  volume={136},
  pages={102052},
  year={2019},
  publisher={Elsevier}
}

@article{aalto2011properties,
  title={Properties of the Gittins index with application to optimal scheduling},
  author={Aalto, Samuli and Ayesta, Urtzi and Righter, Rhonda},
  journal={Probability in the Engineering and Informational Sciences},
  volume={25},
  number={3},
  pages={269--288},
  year={2011},
  publisher={Cambridge University Press}
}


@article{chakravorty2014multi,
  title={Multi-armed bandits, Gittins index, and its calculation},
  author={Chakravorty, Jhelum and Mahajan, Aditya},
  journal={Methods and applications of statistics in clinical trials: Planning, analysis, and inferential methods},
  volume={2},
  number={416-435},
  pages={455},
  year={2014},
  publisher={Wiley New York, NY}
}


@article{nino2020fast,
  title={A fast-pivoting algorithm for Whittle’s restless bandit index},
  author={Ni{\~n}o-Mora, Jos{\'e}},
  journal={Mathematics},
  volume={8},
  number={12},
  pages={2226},
  year={2020},
  publisher={Multidisciplinary Digital Publishing Institute}
}

@article{nino20072,
  title={A (2/3) n 3 fast-pivoting algorithm for the Gittins index and optimal stopping of a Markov chain},
  author={Ni{\~n}o-Mora, Jos{\'e}},
  journal={INFORMS Journal on Computing},
  volume={19},
  number={4},
  pages={596--606},
  year={2007},
  publisher={INFORMS}
}

@article{sonin2008generalized,
  title={A generalized Gittins index for a Markov chain and its recursive calculation},
  author={Sonin, Isaac M},
  journal={Statistics \& Probability Letters},
  volume={78},
  number={12},
  pages={1526--1533},
  year={2008},
  publisher={Elsevier}
}

@article{katehakis1987multi,
  title={The multi-armed bandit problem: decomposition and computation},
  author={Katehakis, Michael N and Veinott Jr, Arthur F},
  journal={Mathematics of Operations Research},
  volume={12},
  number={2},
  pages={262--268},
  year={1987},
  publisher={INFORMS}
}

@article{chen1986linear,
  title={Linear programming for finite state multi-armed bandit problems},
  author={Chen, Yih Ren and Katehakis, Michael N},
  journal={Mathematics of Operations Research},
  volume={11},
  number={1},
  pages={180--183},
  year={1986},
  publisher={INFORMS}
}


@article{ouyang2017learning,
  title={Learning unknown markov decision processes: A thompson sampling approach},
  author={Ouyang, Yi and Gagrani, Mukul and Nayyar, Ashutosh and Jain, Rahul},
  journal={Advances in neural information processing systems},
  volume={30},
  year={2017}
}

@article{ortner2020regret,
  title={Regret bounds for reinforcement learning via markov chain concentration},
  author={Ortner, Ronald},
  journal={Journal of Artificial Intelligence Research},
  volume={67},
  pages={115--128},
  year={2020}
}

@article{fruit2020improved,
  title={Improved analysis of ucrl2 with empirical bernstein inequality},
  author={Fruit, Ronan and Pirotta, Matteo and Lazaric, Alessandro},
  journal={arXiv preprint arXiv:2007.05456},
  year={2020}
}

@inproceedings{fruit2018efficient,
  title={Efficient bias-span-constrained exploration-exploitation in reinforcement learning},
  author={Fruit, Ronan and Pirotta, Matteo and Lazaric, Alessandro and Ortner, Ronald},
  booktitle={International Conference on Machine Learning},
  pages={1578--1586},
  year={2018},
  organization={PMLR}
}

@article{bartlett2012regal,
  title={REGAL: A regularization based algorithm for reinforcement learning in weakly communicating MDPs},
  author={Bartlett, Peter L and Tewari, Ambuj},
  journal={arXiv preprint arXiv:1205.2661},
  year={2012}
}

@article{zhang2019regret,
  title={Regret minimization for reinforcement learning by evaluating the optimal bias function},
  author={Zhang, Zihan and Ji, Xiangyang},
  journal={Advances in Neural Information Processing Systems},
  volume={32},
  year={2019}
}

@book{puterman2014markov,
  title={Markov decision processes: discrete stochastic dynamic programming},
  author={Puterman, Martin L},
  year={2014},
  publisher={John Wiley \& Sons}
}

@article{audibert2009exploration,
  title={Exploration--exploitation tradeoff using variance estimates in multi-armed bandits},
  author={Audibert, Jean-Yves and Munos, R{\'e}mi and Szepesv{\'a}ri, Csaba},
  journal={Theoretical Computer Science},
  volume={410},
  number={19},
  pages={1876--1902},
  year={2009},
  publisher={Elsevier}
}

@article{tossou2019near,
  title={Near-optimal optimistic reinforcement learning using empirical bernstein inequalities},
  author={Tossou, Aristide and Basu, Debabrota and Dimitrakakis, Christos},
  journal={arXiv preprint arXiv:1905.12425},
  year={2019}
}

@inproceedings{wei2020model,
  title={Model-free reinforcement learning in infinite-horizon average-reward markov decision processes},
  author={Wei, Chen-Yu and Jahromi, Mehdi Jafarnia and Luo, Haipeng and Sharma, Hiteshi and Jain, Rahul},
  booktitle={International conference on machine learning},
  pages={10170--10180},
  year={2020},
  organization={PMLR}
}

@article{fruit2018near,
  title={Near optimal exploration-exploitation in non-communicating Markov decision processes},
  author={Fruit, Ronan and Pirotta, Matteo and Lazaric, Alessandro},
  journal={Advances in Neural Information Processing Systems},
  volume={31},
  year={2018}
}

@inproceedings{papadimitriou1994complexity,
    title={The complexity of optimal queueing network control},
    author={Papadimitriou, Christos H and Tsitsiklis, John N},
    booktitle={Proceedings of IEEE 9th Annual Conference on Structure in Complexity Theory},
    pages={318--322},
    year={1994},
    organization={IEEE}
}

@article{jaksch2010near,
  title={Near-optimal Regret Bounds for Reinforcement Learning.},
  author={Jaksch, Thomas and Ortner, Ronald and Auer, Peter},
  journal={Journal of Machine Learning Research},
  volume={11},
  number={4},
  year={2010}
}

@article{osband2016lower,
  title={On lower bounds for regret in reinforcement learning},
  author={Osband, Ian and Van Roy, Benjamin},
  journal={arXiv preprint arXiv:1608.02732},
  year={2016}
}

@inproceedings{azar2017minimax,
  title={Minimax regret bounds for reinforcement learning},
  author={Azar, Mohammad Gheshlaghi and Osband, Ian and Munos, R{\'e}mi},
  booktitle={International Conference on Machine Learning},
  pages={263--272},
  year={2017},
  organization={PMLR}
}

@online{top500,
    shorthand = {@top500},
    title = {TOP500 Website},
    url = {https://www.top500.org/},
    urldate = {2020-09-07}
}

@article{graham1969,
    author = {Graham, Ronald L.},
    journal = {SIAM journal on Applied Mathematics},
    number = {2},
    pages = {416--429},
    publisher = {SIAM},
    title = {Bounds on multiprocessing timing anomalies},
    volume = {17},
    year = {1969}
}

@techreport{corehour_co2,
    AUTHOR = "Berthoud, Francoise and Bzeznik, Bruno and Gibelin, Nicolas and Laurens, Myriam and Bonamy, Cyrille and Morel, Maxence and Schwindenhammer, Xavier",
    TITLE = "{Estimation de l'empreinte carbone d'une heure.coeur de calcul}",
    URL = "https://hal.archives-ouvertes.fr/hal-02549565",
    TYPE = "Research Report",
    INSTITUTION = "{UGA - Universit{\'e} Grenoble Alpes ; CNRS ; INP Grenoble ; INRIA}",
    YEAR = "2020",
    MONTH = "April",
    PDF = "https://hal.archives-ouvertes.fr/hal-02549565v4/file/GES-h-coeur-GRICAD-2020.pdf",
    HAL_ID = "hal-02549565",
    HAL_VERSION = "v4"
}
